@inproceedings{sentiment,
  title={Sentiment analysis for software engineering: How far can we go?},
  author={Lin, Bin and Zampetti, Fiorella and Bavota, Gabriele and Di Penta, Massimiliano and Lanza, Michele and Oliveto, Rocco},
  booktitle={Proceedings of the 40th International Conference on Software Engineering},
  pages={94--104},
  year={2018}
}

@inproceedings{emonet,
  title={Emonet: Fine-grained emotion detection with gated recurrent neural networks},
  author={Abdul-Mageed, Muhammad and Ungar, Lyle},
  booktitle={Proceedings of the 55th annual meeting of the association for computational linguistics (volume 1: Long papers)},
  pages={718--728},
  year={2017}
}

@online{twitterSentimetAnalysis,
  title={Twitter sentiment analysis},
  author={A. Ansari, A. Seenivasan, A. Anandan e R. Lakshmanan},
  url={https://github.com/abdulfatir/twitter-sentiment-analysis/blob/master/docs/report.pdf},
  addendum = "(accessed: 30/01/2020)",
  year={2017}
}

@inproceedings{cagan2014generating,
  title={Generating subjective responses to opinionated articles in social media: an agenda-driven architecture and a turing-like test},
  author={Cagan, Tomer and Frank, Stefan L and Tsarfaty, Reut},
  booktitle={Proceedings of the Joint Workshop on Social Dynamics and Personal Attributes in Social Media},
  pages={58--67},
  year={2014}
}

@article{aprosio2016italy,
  title={Italy goes to Stanford: a collection of CoreNLP modules for Italian},
  author={Aprosio, Alessio Palmero and Moretti, Giovanni},
  journal={arXiv preprint arXiv:1609.06204},
  year={2016}
}
